@INPROCEEDINGS{Yeates99automaticextraction,
    author = {Stuart Yeates},
    title = {{Automatic Extraction of Acronyms from Text}},
    booktitle = {University of Waikato},
    year = {1999},
    pages = {117--124}
}

@inproceedings{Ratinov:2004:AES:1025132.1026366,
 author = {Ratinov, L. and Gudes, E.},
 title = {{Abbreviation Expansion in Schema Matching and Web Integration}},
 booktitle = {Proceedings of the 2004 IEEE/WIC/ACM International Conference on Web Intelligence},
 series = {WI '04},
 year = {2004},
 isbn = {0-7695-2100-2},
 pages = {485--489},
 numpages = {5},
 url = {http://dx.doi.org/10.1109/WI.2004.18},
 doi = {10.1109/WI.2004.18},
 acmid = {1026366},
 publisher = {IEEE Computer Society},
 address = {Washington, DC, USA},
} 

@Misc{Geonames,
author = {Geonames},
title = {{The GeoNames geographical database}},
month = may,
year = {2013},
note = {\url{http://www.geonames.org/}}
}


@Misc{CamaraSpain,
author = {Spanish Chambers of Commerce},
title = {{Fichero de Empresas}},
month = may,
year = {2013},
note = {\url{http://www.camerdata.es/php/eng/fichero\_empresas.php}}
}

@Misc{Empresia,
author = {VERTIS TECNOLOGIA, SL.},
title = {{Empresia}},
month = may,
year = {2013},
note = {\url{http://www.empresia.es}}
}

@Misc{Axexor,
author = {Axexor Inc.},
title = {{A company rating agency}},
month = may,
year = {2013},
note = {\url{http://www.empresia.es}}
}

@Misc{Orgpedia,
author = {John Erickson},
title = {{TWC RPI's OrgPedia Technology Demonstrator}},
month = may,
year = {2013},
note = {\url{http://tw.rpi.edu/orgpedia/}}
}


@Misc{CrocTail,
author = {Greg Michalec and Skye Bender-deMoll},
title = {{Browser and API for CorpWatch}},
month = may,
year = {2013},
note = {\url{http://croctail.corpwatch.org/}}
}

@Misc{Opencorporates,
author = {Chris Taggart and Rob McKinnon},
title = {{The Open Database Of The Corporate World}},
month = may,
year = {2013},
note = {\url{http://opencorporates.com/}}
}



@Misc{NorvigSpelling,
author = {Peter Norvig},
title = {{How to Write a Spelling Corrector}},
month = mar,
year = {2013},
note = {\url{http://norvig.com/spell-correct.html}}
}

@Misc{StanfordSpelling,
author = {Stanford Natural Language Processing Lecture},
title = {{Spelling Correction and the Noisy Channel. The Spelling Correction Task}},
month = mar,
year = {2013},
note = {\url{http://www.stanford.edu/class/cs124/lec/spelling.pdf}}
}



@phdthesis{Bohn:2006:PHD,
    author = "David Nadeau",
    title = {{Semi-Supervised Named Entity Recognition: Learning to Recognize 100 Entity Types with Little Supervision}},
    school = "School of Information Technology and Engineering, University of Ottawa",
    address = "Ottawa, Canada",
    number = "16653",
    year = "2007"
}


@article{citeulike:1657521,
    author = {Nadeau, David and Sekine, Satoshi},
    doi = {10.1075/li.30.1.03nad},
    issn = {0378-4169},
    journal = {Lingvisticae Investigationes},
    month = jan,
    number = {1},
    pages = {3--26},
    publisher = {John Benjamins Publishing Company},
    title = {{A survey of named entity recognition and classification}},
    url = {http://dx.doi.org/10.1075/li.30.1.03nad},
    volume = {30},
    year = {2007}
}


@inproceedings{Li:2012:TNE:2348283.2348380,
 author = {Li, Chenliang and Weng, Jianshu and He, Qi and Yao, Yuxia and Datta, Anwitaman and Sun, Aixin and Lee, Bu-Sung},
 title = {{TwiNER: named entity recognition in targeted twitter stream}},
 booktitle = {Proceedings of the 35th international ACM SIGIR conference on Research and development in information retrieval},
 series = {SIGIR '12},
 year = {2012},
 isbn = {978-1-4503-1472-5},
 location = {Portland, Oregon, USA},
 pages = {721--730},
 numpages = {10},
 url = {http://doi.acm.org/10.1145/2348283.2348380},
 doi = {10.1145/2348283.2348380},
 publisher = {ACM},
 address = {New York, NY, USA},
 keywords = {named entity recognition, tweets, twitter, web n-gram, wikipedia},
} 



@Misc{e-Proc-map-paper,
author = {European Commission, Directorate-General for Informatics},
title = {{T}he e{P}rocurement {M}ap. A map of activities having an impact on the development of European interoperable eProcurement solutions},
month = aug,
year = {2011},
note = {\url{http://www.epractice.eu/en/library/5319079}}
}



@inproceedings{conf/www/MaaliCP11,
  author = {Maali, Fadi and Cyganiak, Richard and Peristeras, Vassilios},
  booktitle = {LDOW},
  editor = {Bizer, Christian and Heath, Tom and Berners-Lee, Tim and Hausenblas, Michael},
  ee = {http://ceur-ws.org/Vol-813/ldow2011-paper11.pdf},
  keywords = {dblp},
  publisher = {CEUR-WS.org},
  series = {CEUR Workshop Proceedings},
  timestamp = {2012-11-16T00:00:00.000+0100},
  title = {{Re-using Cool URIs: Entity Reconciliation Against LOD Hubs.}}
  }




@article{Serimi, 
  title={{SERIMI – Resource Description Similarity , RDF Instance Matching and Interlinking}}, 
  url={http://arxiv.org/abs/1107.1104}, 
  journal={WebDB 2012}, 
  author={Araujo, Samur and Hidders, Jan and Schwabe, Daniel and De Vries, Arjen P}, 
  year={2011}}


 @inproceedings{Sarmento:2009:AWN:1602022.1602085,
 author = {Sarmento, Lu\'{\i}s and Kehlenbeck, Alexander and Oliveira, Eug{\'e}nio and Ungar, Lyle},
 title = {{An Approach to Web-Scale Named-Entity Disambiguation}},
 booktitle = {Proceedings of the 6th International Conference on Machine Learning and Data Mining in Pattern Recognition},
 series = {MLDM '09},
 year = {2009},
 isbn = {978-3-642-03069-7},
 location = {Leipzig, Germany},
 pages = {689--703},
 numpages = {15},
 url = {http://dx.doi.org/10.1007/978-3-642-03070-3_52},
 doi = {10.1007/978-3-642-03070-3_52},
 acmid = {1602085},
 publisher = {Springer-Verlag},
 address = {Berlin, Heidelberg},
} 


@inproceedings{Gimpel:2011:PTT:2002736.2002747,
 author = {Gimpel, Kevin and Schneider, Nathan and O'Connor, Brendan and Das, Dipanjan and Mills, Daniel and Eisenstein, Jacob and Heilman, Michael and Yogatama, Dani and Flanigan, Jeffrey and Smith, Noah A.},
 title = {{Part-of-speech tagging for Twitter: annotation, features, and experiments}},
 booktitle = {Proceedings of the 49th Annual Meeting of the Association for Computational Linguistics: Human Language Technologies: short papers - Volume 2},
 series = {HLT '11},
 year = {2011},
 isbn = {978-1-932432-88-6},
 location = {Portland, Oregon},
 pages = {42--47},
 numpages = {6},
 url = {http://dl.acm.org/citation.cfm?id=2002736.2002747},
 acmid = {2002747},
 %publisher = {Association for Computational Linguistics},
 address = {Stroudsburg, PA, USA},
} 



  


@inproceedings{Wang:2009:ARN:1667884.1667888,
 author = {Wang, Yefeng},
 title = {{Annotating and recognising named entities in clinical notes}},
 booktitle = {Proceedings of the ACL-IJCNLP 2009 Student Research Workshop},
 series = {ACLstudent '09},
 year = {2009},
 location = {Suntec, Singapore},
 pages = {18--26},
 numpages = {9},
 url = {http://dl.acm.org/citation.cfm?id=1667884.1667888},
 acmid = {1667888},
 publisher = {Association for Computational Linguistics},
 address = {Stroudsburg, PA, USA},
} 





@inproceedings{Klein:2003:NER:1119176.1119204,
 author = {Klein, Dan and Smarr, Joseph and Nguyen, Huy and Manning, Christopher D.},
 title = {{Named entity recognition with character-level models}},
 booktitle = {Proceedings of the seventh conference on Natural language learning at HLT-NAACL 2003 - Volume 4},
 series = {CONLL '03},
 year = {2003},
 location = {Edmonton, Canada},
 pages = {180--183},
 numpages = {4},
 url = {http://dx.doi.org/10.3115/1119176.1119204},
 doi = {10.3115/1119176.1119204},
 acmid = {1119204},
 publisher = {Association for Computational Linguistics},
 address = {Stroudsburg, PA, USA},
}



@article{Morillo:2013:TAA:2424697.2424727,
 author = {Morillo, Fernanda and Aparicio, Javier and Gonz\'{a}lez-Albo, Borja and Moreno, Luz},
 title = {{Towards the automation of address identification}},
 journal = {Scientometrics},
 issue_date = {January   2013},
 volume = {94},
 number = {1},
 month = jan,
 year = {2013},
 issn = {0138-9130},
 pages = {207--224},
 numpages = {18},
 url = {http://dx.doi.org/10.1007/s11192-012-0733-6},
 doi = {10.1007/s11192-012-0733-6},
 acmid = {2424727},
 publisher = {Springer-Verlag New York, Inc.},
 address = {Secaucus, NJ, USA},
 keywords = {Address identification, Automatic standardization, Bibliographic databases, Data mining, Performance evaluation},
} 




@article{Galvez2006,
year={2006}, 
issn={0138-9130},
journal={Scientometrics},
volume={69},
number={2},
doi={10.1007/s11192-006-0156-3},
title={{The unification of institutional addresses applying parametrized finite-state graphs (P-FSG)}},
url={http://dx.doi.org/10.1007/s11192-006-0156-3},
publisher={Kluwer Academic Publishers},
author={Galvez, Carmen and Moya-Anegón, Félix},
pages={323-345},
language={English}
}


@book{Heath_Bizer_2011, 
 title={{Linked Data: Evolving the Web into a Global Data Space}},
 volume={1}, 
 url={http://www.morganclaypool.com/doi/abs/10.2200/S00334ED1V01Y201102WBE001}, 
 number={1}, 
 journal={Synthesis Lectures on the Semantic Web Theory and Technology}, 
 publisher={Morgan \& Claypool}, 
 author={T. Heath and Ch. Bizer, Christian}, 
 editor={Van Harmelen, Frank and Hendler, JamesEditors}, 
 year={2011}, 
 pages={1--136}
}


@misc{Berners-Lee-2006,
  author = {Berners-Lee, Tim},
  interhash = {a70519b9adcccb3c2e0d25f99ae1a0b4},
  intrahash = {71be3a4f180ee7cad3f65f9008070642},
  title = {Linked Data},
  url = {http://www.w3.org/DesignIssues/LinkedData.html},
  year = 2006,
  timestamp = {2009-05-06T16:20:32.000+0200},
  keywords = {linkeddata},
  added-at = {2009-05-06T16:20:32.000+0200},
  biburl = {http://www.bibsonomy.org/bibtex/271be3a4f180ee7cad3f65f9008070642/kurtjx},
  month = {jul}
}


@article{Krauthammer:2004:TIB:1053007.1053018,
 author = {Krauthammer, Michael and Nenadic, Goran},
 title = {{Term identification in the biomedical literature}},
 journal = {J. of Biomedical Informatics},
 issue_date = {December 2004},
 volume = {37},
 number = {6},
 month = dec,
 year = {2004},
 issn = {1532-0464},
 pages = {512--526},
 numpages = {15},
 url = {http://dx.doi.org/10.1016/j.jbi.2004.08.004},
 doi = {10.1016/j.jbi.2004.08.004},
 acmid = {1053018},
 publisher = {Elsevier Science},
 address = {San Diego, USA},
 keywords = {acronym recognition, biomedical literature, term classification, term identification, term mapping, term recognition},
} 



@article{Galvez2012,
year={2012}, 
issn={0022-0418},
journal={Journal of Documentation},
volume={68},
number={1},
doi={10.1007/s11192-006-0156-3},
title={{A Dictionary-Based Approach to Normalizing Gene Names in One Domain of Knowledge from the Biomedical Literature}},
url={http://dx.doi.org/10.1007/s11192-006-0156-3},
publisher={Emerald Group Publishing Limited},
author={Galvez, Carmen and Moya-Anegón, Félix},
pages={5-30},
language={English}
}


@InProceedings{LoperBird02,
  author = 	 {Edward Loper and Steven Bird},
  title = 	 {{NLTK: The Natural Language Toolkit}},
  booktitle = 	 {Proceedings of the ACL Workshop on Effective Tools and
    Methodologies for Teaching Natural Language Processing and Computational
    Linguistics},
  year =	 2002,
  publisher={Somerset, NJ: Association for Computational Linguistics},
  pages={62--69},
  note =	 {\url{http://arXiv.org/abs/cs/0205028}},
}




@book{Lingpipe, 
 title={{Text Processing with Java 6}},
 volume={1}, 
 url={http://www.morganclaypool.com/doi/abs/10.2200/S00334ED1V01Y201102WBE001}, 
 number={1}, 
 journal={Synthesis Lectures on the Semantic Web Theory and Technology}, 
 publisher={LingPipe Publishing}, 
 author={Bob Carpenter, Mitzi Morris, Breck Baldwin},
 year={2012} 
}

@Misc{OpenNLP,
author = {Stanford Natural Language Processing Lecture},
title = {{Apache OpenNLP Developer Documentation}},
month = mar,
year = {2013},
note = {\url{http://opennlp.apache.org/documentation/manual/opennlp.html}}
}






@article{Gate,
year={2013},
issn={1574-020X},
journal={Language Resources and Evaluation},
doi={10.1007/s10579-013-9215-6},
title={{GATE Teamware: a web-based, collaborative text annotation framework}},
url={http://dx.doi.org/10.1007/s10579-013-9215-6},
publisher={Springer Netherlands},
keywords={Text annotation; Web-based annotation tool; GATE; Cloud-based text annotation service},
author={Bontcheva, Kalina and Cunningham, Hamish and Roberts, Ian and Roberts, Angus and Tablan, Valentin and Aswani, Niraj and Gorrell, Genevieve},
pages={1-23},
language={English}
}



@ARTICLE{read12:_scalab,
  AUTHOR = {Jesse Read and
               Albert Bifet and
               Geoff Holmes and
               Bernhard Pfahringer},
  TITLE = {Scalable and efficient multi-label classification for evolving
               data streams},
  JOURNAL = {Machine Learning},
  VOLUME = 88,
  NUMBER = {1-2},
  YEAR = 2012,
  PAGES = {243-272}
}


@Misc{Solr,
author = {Stanford Natural Language Processing Lecture},
title = {{Apache Solr}},
month = mar,
year = {2013},
note = {\url{http://lucene.apache.org/solr/}}
}


@book{rafa2011apache,
  title={{Apache Solr 3.1 Cookbook}},
  author={Rafa{\l}, K.},
  isbn={9781849512190},
  url={http://books.google.gr/books?id=cpC\_2Z0QwvMC},
  year={2011},
  publisher={Packt Publishing, Limited}
}



@inproceedings{DBLP:conf/semweb/IseleJB10,
  author    = {Robert Isele and
               Anja Jentzsch and
               Christian Bizer},
  title     = {{Silk Server - Adding missing Links while consuming Linked Data}},
  booktitle = {COLD},
  year      = {2010},
  ee        = {http://ceur-ws.org/Vol-665/IseleEtAl_COLD2010.pdf},
  crossref  = {DBLP:conf/semweb/2010cold},
  bibsource = {DBLP, http://dblp.uni-trier.de}
}



@inproceedings{DBLP:conf/icwe/IseleJB12,
  author    = {Robert Isele and
               Anja Jentzsch and
               Christian Bizer},
  title     = {{Active Learning of Expressive Linkage Rules for the Web of Data}},
  booktitle = {ICWE},
  year      = {2012},
  pages     = {411-418},
  ee        = {http://dx.doi.org/10.1007/978-3-642-31753-8_34},
  crossref  = {DBLP:conf/icwe/2012},
  bibsource = {DBLP, http://dblp.uni-trier.de}
}




@inproceedings{Mendes:2011:DSS:2063518.2063519,
 author = {Mendes, Pablo N. and Jakob, Max and Garc\'{\i}a-Silva, Andr{\'e}s and Bizer, Christian},
 title = {{DBpedia spotlight: shedding light on the web of documents}},
 booktitle = {Proceedings of the 7th International Conference on Semantic Systems},
 series = {I-Semantics '11},
 year = {2011},
 isbn = {978-1-4503-0621-8},
 location = {Graz, Austria},
 pages = {1--8},
 numpages = {8},
 url = {http://doi.acm.org/10.1145/2063518.2063519},
 doi = {10.1145/2063518.2063519},
 acmid = {2063519},
 publisher = {ACM},
 address = {New York, NY, USA},
 keywords = {DBpedia, linked data, named entity disambiguation, text annotation},
} 



@article{DBLP:journals/ijseke/AlvarezLSASL12,
  author    = {Jose Mar\'{\i}a {\'A}lvarez Rodr\'{\i}guez and
               Jos{\'e} Emilio Labra Gayo and
               Francisco Adolfo Cifuentes Silva and
               Giner Alor-Hern{\'a}ndez and
               Cuauht{\'e}moc S{\'a}nchez and
               Jaime Alberto Guzm{\'a}n Luna},
  title     = {{Towards a Pan-European E-Procurement Platform to Aggregate,
               Publish and Search Public Procurement Notices Powered by
               Linked Open Data: the Moldeas Approach}},
  journal   = {International Journal of Software Engineering and Knowledge
               Engineering},
  volume    = {22},
  number    = {3},
  year      = {2012},
  pages     = {365-384},
  ee        = {http://dx.doi.org/10.1142/S0218194012400086},
  bibsource = {DBLP, http://dblp.uni-trier.de}
}


@inproceedings{DBLP:conf/dexa/Lopez-PellicerSCZM10,
  author    = {Francisco J. L{\'o}pez-Pellicer and
               M{\'a}rio J. Silva and
               Marcirio Silveira Chaves and
               F. Javier Zarazaga-Soria and
               Pedro R. Muro-Medrano},
  title     = {{Geo Linked Data}},
  booktitle = {DEXA (1)},
  year      = {2010},
  pages     = {495-502},
  doi        = {http://dx.doi.org/10.1007/978-3-642-15364-8_42}
}

